
%%%%%%%%%%%%%%%%% IVCs %%%%%%%%%%%%%%%%%%%%%
@inproceedings{ghassabani2016efficient,
  title={Efficient generation of inductive validity cores for safety properties},
  author={Ghassabani, Elaheh and Gacek, Andrew and Whalen, Michael W},
  booktitle={Proceedings of the 2016 24th ACM SIGSOFT International Symposium on Foundations of Software Engineering},
  pages={314--325},
  year={2016},
  organization={ACM}
}

@inproceedings{ghassabani2017efficient,
  title={Efficient generation of all minimal inductive validity cores},
  author={Ghassabani, Elaheh and Whalen, Michael and Gacek, Andrew},
  booktitle={Proceedings of the 17th Conference on Formal Methods in Computer-Aided Design},
  pages={31--38},
  year={2017},
  organization={FMCAD Inc}
}

@article{liffiton2016fast,
  title={Fast, flexible MUS enumeration},
  author={Liffiton, Mark H and Previti, Alessandro and Malik, Ammar and Marques-Silva, Joao},
  journal={Constraints},
  volume={21},
  number={2},
  pages={223--250},
  year={2016},
  publisher={Springer}
}

@article{reiter1987theory,
  title={A theory of diagnosis from first principles},
  author={Reiter, Raymond},
  journal={Artificial intelligence},
  volume={32},
  number={1},
  pages={57--95},
  year={1987},
  publisher={Elsevier}
}
