@inproceedings{Stewart17:IMBSA,
  author =       {Danielle Stewart and Michael Whalen and Darren Cofer and Mats P.E. Heimdahl},
  title =        {{Architectural Modeling and Analysis for Safety Engineering}},
  booktitle =    {{In Proceedings of IMBSA2017: 5th International Symposium on Model Based Safety and Assessment}},
  year =         "2017"
}

@inproceedings{Joshi05:Dasc,
  author =       {Anjali Joshi and Steven P. Miller and Michael Whalen and Mats P.E. Heimdahl},
  title =        {{A Proposal for Model-Based Safety Analysis}},
  booktitle =    {{In Proceedings of 24th Digital Avionics Systems Conference (Awarded Best Paper of Track)}},
  year =         "2005"
}

@inproceedings{Joshi05:SafeComp,
  author =       {Anjali Joshi and Mats P.E. Heimdahl},
  title =        {{Model-Based Safety Analysis of Simulink Models Using SCADE Design Verifier}},
  booktitle =    {SAFECOMP},
  year =         "2005",
  volume =       "3688",
  series =       {LNCS},
  pages =        "122"
}

@inproceedings{Joshi07:Hase,
  author =       {Anjali Joshi and Mats P.E. Heimdahl},
  title =        {{Behavioral Fault Modeling for Model-based Safety Analysis}},
  booktitle =    {{Proceedings of the 10th IEEE High Assurance Systems Engineering Symposium (HASE)}},
  year =         "2007"
}

@inproceedings{Halbwachs91:IEEE,
  author =       {N. Halbwachs and P. Caspi and P. Raymond and D. Pilaud},
  title =        {{The Synchronous Dataflow Programming Language Lustre}},
  booktitle =    {{In Proceedings of the IEEE}},
   year =         "1991",
  volume =       "79(9)",
  pages =        "1305-1320"
}

@MISC{SRIInternational,
  author =       {{SRI International}},
  title =        {{The {PVS} Specification and Verification System}},
  howpublished = "http://pvs.csl.sri.com"
}

@MISC{SCADE,
  author =       {{Esterel Technologies}},
  title =        {{{SCADE} Suite Product Description}},
  howpublished = "http://www.estereltechnologies.com"
}

@inproceedings{QFCS15:backes,
 author={Backes, John and Cofer, Darren and Miller, Steven and Whalen, Michael W.},
 title={{Requirements Analysis of a Quad-Redundant Flight Control System}},
 year={2015},
 isbn={978-3-319-17523-2},
 booktitle={{NASA Formal Methods}},
 volume={9058},
 series={Lecture Notes in Computer Science},
 editor={Havelund, Klaus and Holzmann, Gerard and Joshi, Rajeev},
 doi={10.1007/978-3-319-17524-9_7},
 url={http://dx.doi.org/10.1007/978-3-319-17524-9_7},
 publisher={Springer International Publishing},
 pages={82-96},
 language={English}
}

@inproceedings{hilt2013:MuWhRaHe,
  author    = {Anitha Murugesan and Michael W. Whalen and Sanjai Rayadurgam and Mats P.E. Heimdahl},
  title     = {{Compositional Verification of a Medical Device System}},
  booktitle = {ACM Int'l Conf. on High Integrity Language Technology (HILT) 2013},
  year      = {2013},
  month     = {November},
  publisher = {ACM}
}


@article{Pajic2012,
author={Pajic, M. and Mangharam, R. and Sokolsky, O. and Arney, D. and Goldman, J. and Lee, I.},
journal={Industrial Informatics, IEEE Transactions on},
title={{Model-Driven Safety Analysis of Closed-Loop Medical Systems}},
year={2012},
volume={PP},
pages={1--12},
note={In early online access.}
}

@ARTICLE{2017arXiv171201222G,
   author = {{Gacek}, A. and {Backes}, J. and {Whalen}, M. and {Wagner}, L. and
	{Ghassabani}, E.},
    title = "{The JKind Model Checker}",
  journal = {ArXiv e-prints},
archivePrefix = "arXiv",
   eprint = {1712.01222},
 primaryClass = "cs.LO",
 keywords = {Computer Science - Logic in Computer Science},
     year = 2017,
    month = dec,
   adsurl = {http://adsabs.harvard.edu/abs/2017arXiv171201222G},
  adsnote = {Provided by the SAO/NASA Astrophysics Data System}
}


@inproceedings{NFM2012:CoGaMiWhLaLu,
 author = {Darren D. Cofer and Andrew Gacek and Steven P. Miller and Michael W. Whalen and Brian LaValley and Lui Sha},
 title = {{Compositional Verification of Architectural Models}},
 booktitle = {Proceedings of the 4th  NASA Formal Methods Symposium (NFM 2012)},
 volume = {7226},
 editor = {Alwyn E. Goodloe and Suzette Person},
 location = {Norfolk, VA, USA},
 publisher = {Springer-Verlag},
 address = {Berlin, Heidelberg},
 pages = {126--140},
 month = {April},
 year = {2012}
}

@MISC{IEEE:PSL,
  title = {{{IEEE} Standard for Property Specification Language (PSL)}},
  organization = {IEEE Std 1850-2005},
  year = {2005}
}

@inproceedings{FMCAD2008:HaTi,
 author = {G. Hagen and C. Tinelli},
 title = {{Scaling up the formal verification of {L}ustre programs with {SMT}-based techniques}},
 booktitle = {In Proceedings of the 8th International Conference on Formal Methods in Computer-Aided Design (FMCAD '08)},
 publisher = {IEEE},
 year = {2008}
}

@inproceedings{NFM2012:KaGaTiWh,
 author = {Temesghan Kahsai and Pierre-Loic Garoche and Cesare Tinelli and Michael Whalen},
 title = {{Incremental Verification with Mode Machine Invariants in State Machines}},
 booktitle = {Proceedings of the 4th  NASA Formal Methods Symposium (NFM 2012)},
 location = {Norfolk, VA, USA},
 month = {April},
 year = {2012}
}

@inproceedings{DBLP:conf/cav/BozzanoCPJKPRT15,
  author    = {Marco Bozzano and
               Alessandro Cimatti and
               Anthony Fernandes Pires and
               D. Jones and
               G. Kimberly and
               T. Petri and
               R. Robinson and
               Stefano Tonetta},
  title     = {{Formal Design and Safety Analysis of {AIR6110} Wheel Brake System}},
  booktitle = {Computer Aided Verification - 27th International Conference, {CAV}
               2015, San Francisco, CA, USA, July 18-24, 2015, Proceedings, Part
               {I}},
  pages     = {518--535},
  year      = {2015},
  crossref  = {DBLP:conf/cav/2015-1},
  url       = {http://dx.doi.org/10.1007/978-3-319-21690-4_36},
  doi       = {10.1007/978-3-319-21690-4_36},
  timestamp = {Wed, 17 Feb 2016 11:29:56 +0100},
  biburl    = {http://dblp.uni-trier.de/rec/bib/conf/cav/BozzanoCPJKPRT15},
  bibsource = {dblp computer science bibliography, http://dblp.org}
}

@book{FeilerModelBasedEngineering2012,
   title = {Model-Based Engineering with AADL: An Introduction to the SAE Architecture Analysis \& Design Language},
   author={Peter Feiler and David Gluch},
   year={2012},
   publisher={Addison-Wesley Professional},
}

@MISC{AIR6110,
  author = {{AIR 6110}},
  title = {{Contiguous Aircraft/System Development Process Example}},
  publisher = {SAE},
  month = {Dec.},
  year={2011}
}

@inproceedings{CAV2015:BoCiGrMa,
 author = {Marco Bozzano and Alessandro Cimatti and Alberto Griggio and Cristian Mattarei},
 title = {{Efficient Anytime Techniques for Model-Based Safety Analysis}},
 booktitle = {Computer Aided Verification (CAV '11},
 year = {2015}
}

@inproceedings{CAV2011:KwNoPa,
 author = {Marta Kwiatkowska and Gethin Norman and David Parker},
 title = {{{PRiSM} 4.0: Verification of Probabilistic Real-time Systems}},
 booktitle = {In Proceedings of the 23rd International Conference on Computer Aided Verification (CAV '11)},
 volume = {6806 of LNCS},
 page = {585-591},
 year = {2011}
}

@unknown{EMV2,
author = {Delange, Julien and Feiler, Peter and Hudak, John and Gluch, Dave},
year = {2016},
month = {06},
pages = {},
title = {Architecture Fault Modeling and Analysis with the Error Model Annex, Version 2}
}

@ARTICLE{info17:HaLuHo,
 author = {Hönig, Philipp and Lunde, Rüdiger and Holzapfel, Florian},
 title = {{Model Based Safety Analysis with smartIflow}},
 journal = {Information},
 volume={8},
 year = {2017},
 number ={1},
 url = {http://www.mdpi.com/2078-2489/8/1/7}
}

@article{CHEN201391,
title = {{Systems Modeling with {EAST-ADL} for Fault Tree Analysis through {HiP-HOPS}*}},
journal = "IFAC Proceedings Volumes",
volume = "46",
number = "22",
pages = "91 - 96",
year = "2013",
note = "",
issn = "1474-6670"
}

@techreport{SEI:AADL,
 author = {Delange, Julien and Feiler, Peter and Gluch, Danid P. and Hudak, John},
 title = {{{AADL} Fault Modeling and Analysis Within an {ARP4761} Safety Assessment}},
 number = {CMU/SEI-2014-TR-020 },
 institution = {Software Engineering Institute: Carnegie Mellon University},
 month = {October},
 year = {2014},
 url = {http://resources.sei.cmu.edu/asset_files/technicalreport/2014_005_001_311911.pdf}
}

@MISC{SAE:ARP4761,
  author = {{SAE ARP 4761}},
  title = {{Guidelines and Methods for Conducting the Safety Assessment
Process on Civil Airborne Systems and Equipment}},
  publisher = {SAE International},
  month = {December},
  year={1996}
}

@inproceedings{DBLP:conf/tacas/BittnerBCCGGMMZ16,
  author    = {Benjamin Bittner and
               Marco Bozzano and
               Roberto Cavada and
               Alessandro Cimatti and
               Marco Gario and
               Alberto Griggio and
               Cristian Mattarei and
               Andrea Micheli and
               Gianni Zampedri},
  title     = {{The x{SAP} Safety Analysis Platform}},
  booktitle = {Tools and Algorithms for the Construction and Analysis of Systems
               - 22nd International Conference, {TACAS} 2016,  April 2-8, 2016, Proceedings},
  pages     = {533--539},
  year      = {2016}
}

@Article{info8010007,
AUTHOR = {H{\"o}nig, Philipp and Lunde, R{\"u}diger and Holzapfel, Florian},
TITLE = {{Model Based Safety Analysis with smartIflow}},
JOURNAL = {Information},
VOLUME = {8},
YEAR = {2017},
NUMBER = {1},
ARTICLE_NUMBER = {7}
}

@INPROCEEDINGS{5979344,
author={O. Lisagor and T. Kelly and R. Niu},
booktitle={The Proceedings of 2011 9th International Conference on Reliability, Maintainability and Safety},
title={{Model-based safety assessment: Review of the discipline and its challenges}},
year={2011},
pages={625-632},
keywords={risk analysis;safety;classification;model-based safety assessment;system safety engineering;Analytical models;Computational modeling;Frequency modulation;Mathematical model;Safety;Semantics;Valves;Model-Based Safety Assessment;Safety Assessment Methodology;System Safety Engineering},
doi={10.1109/ICRMS.2011.5979344},
month={June},}

@article{PROSVIRNOVA2013127,
title = {{The {A}lta{R}ica 3.0 Project for Model-Based Safety Assessment}},
journal = "IFAC Proceedings Volumes",
volume = "46",
number = "22",
pages = "127 - 132",
year = "2013",
note = "",
issn = "1474-6670",
doi = "http://dx.doi.org/10.3182/20130904-3-UK-4041.00028",
url = "http://www.sciencedirect.com/science/article/pii/S1474667015339999",
author = "Tatiana Prosvirnova and Michel Batteux and Pierre-Antoine Brameret and Abraham Cherfi and Thomas Friedlhuber and Jean-Marc Roussel and Antoine Rauzy",
keywords = "Safety and Reliability analysis",
keywords = "Model-Based design."
}

@phdthesis{prosvirnova:tel-01119730,
  TITLE = {{AltaRica 3.0: a Model-Based approach for Safety Analyses}},
  AUTHOR = {Prosvirnova, Tatiana},
  URL = {https://pastel.archives-ouvertes.fr/tel-01119730},
  SCHOOL = {{Ecole Polytechnique}},
  YEAR = {2014},
  MONTH = Nov,
  KEYWORDS = {Safety ; Reliability ; Model-Based approach ; AltaRica ; Analyse du risque ; Fiabilit{\'e} ; S{\^u}ret{\'e} de Fonctionnement ; approche orient{\'e}e mod{\`e}les},
  TYPE = {Theses},
  PDF = {https://pastel.archives-ouvertes.fr/tel-01119730/file/main.pdf},
  HAL_ID = {tel-01119730},
  HAL_VERSION = {v2},
}


@inproceedings{Gudemann:2010:FQQ:1909626.1909813,
   author = {Gudemann, Matthias and Ortmeier, Frank},
   title = {A Framework for Qualitative and Quantitative Formal Model-Based Safety Analysis},
   booktitle = {Proceedings of the 2010 IEEE 12th International Symposium on High-Assurance Systems Engineering},
   series = {HASE '10},
   year = {2010},
   isbn = {978-0-7695-4292-8},
   pages = {132--141},
   numpages = {10},
   url = {http://dx.doi.org/10.1109/HASE.2010.24},
   doi = {10.1109/HASE.2010.24},
   acmid = {1909813},
   publisher = {IEEE Computer Society},
   address = {Washington, DC, USA},
   keywords = {fault tolerance, reliability, formal methods, model checking},
}

@inproceedings{Driscoll-Byzantine-Fault,
	author = {Driscoll, Kevin and Sivencrona, Hkan and Zumsteg, Phil},
	title =  {{Byzantine Fault Tolerance, from Theory to Reality}},
	booktitle =    {SAFECOMP},
	year =         "2003",
	volume =       "2788",
	series =       {LNCS},
	pages =        "235--248"
}
