@inproceedings{Stewart17:IMBSA,
  author =       {Danielle Stewart and Michael Whalen and Darren Cofer and Mats P.E. Heimdahl},
  title =        {{Architectural Modeling and Analysis for Safety Engineering}},
  booktitle =    {{IMBSA 2017}},
  year =         "2017",
 pages =	 "97-111"
}

@inproceedings{Joshi05:Dasc,
  author =       {Anjali Joshi and Steven P. Miller and Michael Whalen and Mats P.E. Heimdahl},
  title =        {{A Proposal for Model-Based Safety Analysis}},
  booktitle =    {{In Proceedings of 24th Digital Avionics Systems Conference}},
  year =         "2005"
}

@inproceedings{Joshi05:SafeComp,
  author =       {Anjali Joshi and Mats P.E. Heimdahl},
  title =        {{Model-Based Safety Analysis of Simulink Models Using SCADE Design Verifier}},
  booktitle =    {SAFECOMP},
  year =         "2005",
  volume =       "3688",
  series =       {LNCS},
  pages =        "122"
}

@inproceedings{Joshi07:Hase,
  author =       {Anjali Joshi and Mats P.E. Heimdahl},
  title =        {{Behavioral Fault Modeling for Model-based Safety Analysis}},
  booktitle =    {{Proceedings of the 10th IEEE High Assurance Systems Engineering Symposium (HASE)}},
  year =         "2007"
}

@inproceedings{Halbwachs91:IEEE,
  author =       {N. Halbwachs and P. Caspi and P. Raymond and D. Pilaud},
  title =        {{The Synchronous Dataflow Programming Language Lustre}},
  booktitle =    {{IEEE}},
   year =         "1991",
  volume =       "79(9)",
  pages =        "1305-1320"
}

@MISC{SRIInternational,
  author =       {{SRI International}},
  title =        {{The {PVS} Specification and Verification System}},
  howpublished = "http://pvs.csl.sri.com"
}

@MISC{SRIInternational,
	author =       {{SRI International}},
	title =        {{The {PVS} Specification and Verification System}},
	howpublished = "http://pvs.csl.sri.com"
}

@MISC{WBS_EMV2_Example,
  author =       {{The Software Engineering Institute (SEI)}},
  title =        {{ARP4761 - Wheel Brake System (WBS) Example}},
  howpublished = "\url{https://wiki.sei.cmu.edu/aadl/index.php/ARP4761_-_Wheel_Brake_System_%28WBS%29_Example}"
}

@inproceedings{QFCS15:backes,
 author={Backes, John and Cofer, Darren and Miller, Steven and Whalen, Michael W.},
 title={{Requirements Analysis of a Quad-Redundant Flight Control System}},
 year={2015},
 booktitle={{NFM}},
 volume={9058},
 series={LNCS},
 pages={82-96}
}

@inproceedings{hilt2013:MuWhRaHe,
  author    = {Anitha Murugesan and Michael W. Whalen and Sanjai Rayadurgam and Mats P.E. Heimdahl},
  title     = {{Compositional Verification of a Medical Device System}},
  booktitle = {HILT 2013},
  month     = {November},
  publisher = {ACM}
}

@ARTICLE{2017arXiv171201222G,
   author = {{Gacek}, A. and {Backes}, J. and {Whalen}, M. and {Wagner}, L. and
	{Ghassabani}, E.},
    title = "{The JKind Model Checker}",
  journal = {ArXiv e-prints},
archivePrefix = "arXiv",
   eprint = {1712.01222},
 primaryClass = "cs.LO",
 keywords = {Computer Science - Logic in Computer Science},
     year = 2017,
    month = dec,
   adsurl = {http://adsabs.harvard.edu/abs/2017arXiv171201222G},
  adsnote = {Provided by the SAO/NASA Astrophysics Data System}
}


@inproceedings{NFM2012:CoGaMiWhLaLu,
 author = {Darren D. Cofer and Andrew Gacek and Steven P. Miller and Michael W. Whalen and Brian LaValley and Lui Sha},
 title = {{Compositional Verification of Architectural Models}},
 booktitle = {NFM 2012},
 volume = {7226},
 location = {Norfolk, VA, USA},
 pages = {126--140},
 month = {April},
 year = {2012}
}

@MISC{IEEE:PSL,
  title = {{{IEEE} Standard for Property Specification Language (PSL)}},
  organization = {IEEE Std 1850-2005},
  year = {2005}
}

@inproceedings{FMCAD2008:HaTi,
 author = {G. Hagen and C. Tinelli},
 title = {{Scaling up the formal verification of {L}ustre programs with {SMT}-based techniques}},
 booktitle = {In Proceedings of the 8th International Conference on Formal Methods in Computer-Aided Design (FMCAD '08)},
 publisher = {IEEE},
 year = {2008}
}

@inproceedings{NFM2012:KaGaTiWh,
 author = {Temesghan Kahsai and Pierre-Loic Garoche and Cesare Tinelli and Michael Whalen},
 title = {{Incremental Verification with Mode Machine Invariants in State Machines}},
 booktitle = {Proceedings of the 4th  NASA Formal Methods Symposium (NFM 2012)},
 location = {Norfolk, VA, USA},
 month = {April},
 year = {2012}
}

@inproceedings{DBLP:conf/cav/BozzanoCPJKPRT15,
  author    = {Marco Bozzano and
               Alessandro Cimatti and
               Anthony Fernandes Pires and
               D. Jones and
               G. Kimberly and
               T. Petri and
               R. Robinson and
               Stefano Tonetta},
  title     = {{Formal Design and Safety Analysis of {AIR6110} Wheel Brake System}},
  booktitle = {{CAV} 2015, Proceedings, Part {I}},
  pages     = {518--535},
  year      = {2015}
}

@book{FeilerModelBasedEngineering2012,
   title = {Model-Based Engineering with AADL: An Introduction to the SAE Architecture Analysis \& Design Language},
   author={Peter Feiler and David Gluch},
   year={2012},
   publisher={Addison-Wesley Professional},
}

@MISC{AIR6110,
  author = {{AIR 6110}},
  title = {{Contiguous Aircraft/System Development Process Example}},
  publisher = {SAE},
  month = {Dec.},
  year={2011}
}

@MISC{AADL_Standard,
	author = {{AS5506C}},
	title = {{Architecture Analysis \& Design Language (AADL)}},
	publisher = {SAE International},
	month = {Jan.},
	year={2017}
}

@inproceedings{CAV2015:BoCiGrMa,
 author = {Marco Bozzano and Alessandro Cimatti and Alberto Griggio and Cristian Mattarei},
 title = {{Efficient Anytime Techniques for Model-Based Safety Analysis}},
 booktitle = {Computer Aided Verification},
 year = {2015}
}

@inproceedings{CAV2011:KwNoPa,
 author = {Marta Kwiatkowska and Gethin Norman and David Parker},
 title = {{{PRiSM} 4.0: Verification of Probabilistic Real-time Systems}},
 booktitle = {In Proceedings of the 23rd International Conference on Computer Aided Verification (CAV '11)},
 volume = {6806 of LNCS},
 page = {585-591},
 year = {2011}
}

@TECHREPORT{EMV2,
author = {Feiler, Peter and Hudak, John and Delange, Julien and Gluch, Dave},
year = {2016},
month = {06},
title = {Architecture Fault Modeling and Analysis with the Error Model Annex, Version 2},
institution = {Software Engineering Institute},
number = {CMU/SEI-2016-TR-009}
}

@ARTICLE{info17:HaLuHo,
 author = {Hönig, Philipp and Lunde, Rüdiger and Holzapfel, Florian},
 title = {{Model Based Safety Analysis with smartIflow}},
 journal = {Information},
 volume={8},
 year = {2017},
 number ={1},
 url = {http://www.mdpi.com/2078-2489/8/1/7}
}

@article{CHEN201391,
title = {{Systems Modeling with {EAST-ADL} for Fault Tree Analysis through {HiP-HOPS}*}},
 author = {Chen, DeJiu and Mahmud, Nidhal and Walker, Martin and Feng, Lei and L{\"o}nn, Henrik and Papadopoulos, Yiannis},
journal = "IFAC Proceedings Volumes",
volume = "46",
number = "22",
pages = "91 - 96",
year = "2013",
note = "",
issn = "1474-6670"
}

@techreport{SEI:AADL,
 author = {Delange, Julien and Feiler, Peter and Gluch, Danid P. and Hudak, John},
 title = {{{AADL} Fault Modeling and Analysis Within an {ARP4761} Safety Assessment}},
 number = {CMU/SEI-2014-TR-020 },
 institution = {Software Engineering Institute: Carnegie Mellon University},
 month = {October},
 year = {2014},
 url = {http://resources.sei.cmu.edu/asset_files/technicalreport/2014_005_001_311911.pdf}
}

@MISC{SAE:ARP4761,
  author = {{SAE ARP 4761}},
  title = {{Guidelines and Methods for Conducting the Safety Assessment
Process on Civil Airborne Systems and Equipment}},
  publisher = {SAE International},
  month = {December},
  year={1996}
}

@MISC{SAE:ARP4754A,
	author = {{SAE ARP4754A}},
	title = {{Guidelines for Development of Civil Aircraft and Systems}},
	publisher = {SAE International},
	location = {Warrendale, PA, USA},
	month = {December},
	year={2010}
}

@article{CIMATTI2015333,
	title = "Contracts-refinement proof system for component-based embedded systems",
	journal = "SCP",
	volume = "97",
	year = "2015",
	note = "SEAA ’12",
	author = "Alessandro Cimatti and Stefano Tonetta"
}


@article{Bozzano:2011:SDP:1992983.1992988,
	author = {Bozzano, Marco and Cimatti, Alessandro and Katoen, Joost-Pieter and Nguyen, Viet Yen and Noll, Thomas and Roveri, Marco},
	title = {Safety, Dependability and Performance Analysis of Extended AADL Models},
	journal = {Comput. J.},
	issue_date = {May 2011},
	volume = {54},
	number = {5},
	month = may,
	year = {2011},
	publisher = {Oxford University Press},
	address = {Oxford, UK},
}

@inproceedings{symbAltaRica,
	author    = {Marco Bozzano and
	Alessandro Cimatti and
	Oleg Lisagor and
	Cristian Mattarei and
	Sergio Mover and
	Marco Roveri and
	Stefano Tonetta},
	title     = {{Symbolic Model Checking and Safety Assessment of Altarica Models}},
	volume = {98},
	booktitle = {Science of Computer Programming},
	year = {2011}
}

@InProceedings{10.1007/978-3-540-75596-8-13,
	author="Bozzano, Marco
	and Cimatti, Alessandro
	and Tapparo, Francesco",
	title="Symbolic Fault Tree Analysis for Reactive Systems",
	booktitle="ATVA",
	year="2007"
}

@InProceedings{10.1007/978-3-319-11936-6-7,
	author="Bozzano, Marco
	and Cimatti, Alessandro
	and Mattarei, Cristian
	and Tonetta, Stefano",
	title="Formal Safety Assessment via Contract-Based Design",
	booktitle="Automated Technology for Verification and Analysis",
	year="2014"
}


@book{Bozzano:2010:DSA:1951720,
	author = {Bozzano, Marco and Villafiorita, Adolfo},
	title = {Design and Safety Assessment of Critical Systems},
	year = {2010},
	edition = {1st},
	publisher = {Auerbach Publications},
	address = {Boston, MA, USA},
}

@inproceedings{DBLP:conf/tacas/BittnerBCCGGMMZ16,
  author    = {Benjamin Bittner and
               Marco Bozzano and
               Roberto Cavada and
               Alessandro Cimatti and
               Marco Gario and
               Alberto Griggio and
               Cristian Mattarei and
               Andrea Micheli and
               Gianni Zampedri},
  title     = {{The x{SAP} Safety Analysis Platform}},
  booktitle = {{TACAS}},
  year      = {2016}
}

@Article{info8010007,
AUTHOR = {H{\"o}nig, Philipp and Lunde, R{\"u}diger and Holzapfel, Florian},
TITLE = {{Model Based Safety Analysis with smartIflow}},
JOURNAL = {Information},
VOLUME = {8},
YEAR = {2017},
NUMBER = {1},
ARTICLE_NUMBER = {7}
}

@INPROCEEDINGS{5979344,
author={O. Lisagor and T. Kelly and R. Niu},
booktitle={The Proceedings of 2011 9th International Conference on Reliability, Maintainability and Safety},
title={{Model-based safety assessment: Review of the discipline and its challenges}},
year={2011}
}

@article{PROSVIRNOVA2013127,
title = {{The {A}lta{R}ica 3.0 Project for Model-Based Safety Assessment}},
journal = "IFAC",
volume = "46",
number = "22",
year = "2013",
author = "Tatiana Prosvirnova and Michel Batteux and Pierre-Antoine Brameret and Abraham Cherfi and Thomas Friedlhuber and Jean-Marc Roussel and Antoine Rauzy"
}

@phdthesis{prosvirnova:tel-01119730,
  TITLE = {{AltaRica 3.0: a Model-Based approach for Safety Analyses}},
  AUTHOR = {Prosvirnova, Tatiana},
  URL = {https://pastel.archives-ouvertes.fr/tel-01119730},
  SCHOOL = {{Ecole Polytechnique}},
  YEAR = {2014},
  MONTH = Nov,
  KEYWORDS = {Safety ; Reliability ; Model-Based approach ; AltaRica ; Analyse du risque ; Fiabilit{\'e} ; S{\^u}ret{\'e} de Fonctionnement ; approche orient{\'e}e mod{\`e}les},
  TYPE = {Theses},
  PDF = {https://pastel.archives-ouvertes.fr/tel-01119730/file/main.pdf}
}


@inproceedings{Gudemann:2010:FQQ:1909626.1909813,
   author = {Gudemann, Matthias and Ortmeier, Frank},
   title = {A Framework for Qualitative and Quantitative Formal Model-Based Safety Analysis},
   booktitle = {HASE 2010},
   year = {2010}
}

@inproceedings{Driscoll-Byzantine-Fault,
	author = {Driscoll, Kevin and Sivencrona, Hkan and Zumsteg, Phil},
	title =  {{Byzantine Fault Tolerance, from Theory to Reality}},
	booktitle =    {SAFECOMP},
	year =         "2003",
	series =       {LNCS}
}

@techreport{SATechReport,
 author = {Stewart, Danielle and Liu, Jing and Whalen, Michael and Cofer, Darren and Peterson, Michael},
 title = {{The Safety Annex for Architecture Analysis Design and Analysis Language}},
 number = {18-007},
 institution = {University of Minnesota},
 month = {March},
 year = {2018},
 url = {https://www.cs.umn.edu/research/technical_reports/view/18-007}
}

@techreport{air6110TechReport,
 author = {Bozzano, Marco and Cimatti, Alessandro and Pires, Anthony Fernandes and Jones, David H. and Kimberly, Greg and Petri, Tyler J. and Robinson, Richard V. and Tonetta, Stefano},
 title = {{Contract-based design and safety analysis of an aircraft wheel brake system: Revisiting AIR6110 with formal methods}},
 institution = {Foundazione Bruno Kessler},
 month = {Feb},
 year = {2015},
 url = {https://es-static.fbk.eu/projects/air6110/download/case_study_report.pdf}
}

@INPROCEEDINGS{Bieber04safetyassessment,
    author = {Pierre Bieber and Christian Bougnol and Charles Castel and Jean Pierre Heckmann and Christophe Kehren and Sylvain Metge and Christel Seguin},
    title = {{Safety Assessment with Altarica - Lessons Learnt Based on Two Aircraft System Studies}},
    booktitle = {In 18th IFIP World Computer Congress},
    year = {2004}
}

@INPROCEEDINGS{BieberERTS2018,
	author = {Pierre Bieber and Jean-Loup Farges and Xavier Pucel and Louis-Marie S{\`e}jeau and Christel Seguin},
	title = {Model - Based Safety Analysis for co-assessment of operation and system safety: application to specific operations of unmanned aircraft},
	booktitle = {ERTS2},
	year = {2018}
}


@InProceedings{10.1007/978-3-642-04468-7_15,
author="Bozzano, Marco
and Cimatti, Alessandro
and Katoen, Joost-Pieter
and Nguyen, Viet Yen
and Noll, Thomas
and Roveri, Marco",
title={{The COMPASS Approach: Correctness, Modelling and Performability of Aerospace Systems}},
booktitle="Computer Safety, Reliability, and Security",
year="2009",
publisher="Springer Berlin Heidelberg"
}

@InProceedings{compass30toolset,
	author = {Bozzano, Marco and Bruintjes, Harold and Cimatti, Alessandro and Katoen, Joost-Pieter and Noll, Thomas and Tonetta, Stefano},
	title = {The COMPASS 3.0 Toolset (short paper)},
	booktitle =    {{IMBSA 2017}},
  	year =         "2017"
}

@Article{Cimatti2000,
author="Cimatti, Alessandro
and Clarke, Edmund
and Giunchiglia, Fausto
and Roveri, Marco",
title="NUSMV: a new symbolic model checker",
journal="International Journal on Software Tools for Technology Transfer",
year="2000"
}

@inproceedings{Katoen:2005:MRM:1114692.1115230,
 author = {Katoen, Joost-Pieter and Khattri, Maneesh and Zapreev, Ivan S.},
 title = {A Markov Reward Model Checker},
 booktitle = {Proceedings of the Second International Conference on the Quantitative Evaluation of Systems},
 series = {QEST '05},
 year = {2005},
 publisher = {IEEE Computer Society}
} 

@article{criticalembeddedsystems,
author = {Bozzano, Marco and Cimatti, Alessandro and Katoen, Joost-Pieter and Yen Nguyen, Viet and Noll, Thomas and Roveri, Marco},
year = {2009},
title = {Model-Based Codesign of Critical Embedded Systems},
volume = {507}
}

@INPROCEEDINGS{5185388, 
author={M. Bozzano and A. Cimatti and M. Roveri and J. P. Katoen and V. Y. Nguyen and T. Noll}, 
booktitle={2009 7th IEEE/ACM International Conference on Formal Methods and Models for Co-Design}, 
title={Codesign of dependable systems: A component-based modeling language}, 
year={2009}
}

@MISC{RAT,
	author =       {{RAT: Requirements Analysis Tool}},
	howpublished = "http://rat.itc.it"
}

@MISC{MRMC,
	author =       {{MRMC: Markov Rewards Model Checker}},
	howpublished = "http://wwwhome.cs.utwente.nl/~zapreevis/mrmc/"
}

@MISC{NuSMV,
	author =       {{NuSMV Model Checker}},
	howpublished = "http://nusmv.itc.it"
}

@MISC{COMPASSusersguide,
	author = {{COMPASS Users Manual}},
	howpublished = "http://www.compass-toolset.org/docs/compass-manual.pdf"
}

@misc{SAGithub,
  author = {Stewart, Danielle and Liu, Jing and Whalen, Michael and Cofer, Darren and Peterson, Michael},
  title = {Safety Annex for AADL Repository},
  year = {2017},
  publisher = {GitHub},
  journal = {GitHub repository},
  howpublished = {\url{https://github.com/loonwerks/AMASE}}
}

@article{DBLP:journals/corr/GhassabaniGW16,
  author    = {Elaheh Ghassabani and
               Andrew Gacek and
               Michael W. Whalen},
  title     = {Efficient Generation of Inductive Validity Cores for Safety Properties},
  journal   = {CoRR},
  volume    = {abs/1603.04276},
  year      = {2016},
  url       = {http://arxiv.org/abs/1603.04276},
  archivePrefix = {arXiv},
  eprint    = {1603.04276},
  timestamp = {Wed, 07 Jun 2017 14:42:56 +0200},
  biburl    = {https://dblp.org/rec/bib/journals/corr/GhassabaniGW16},
  bibsource = {dblp computer science bibliography, https://dblp.org}
}

@article{RuijtersSurvey,
author = {Ruijters, Enno and Stoelinga, Mariëlle},
year = {2015},
month = {05},
pages = {},
title = {Fault tree analysis: A survey of the state-of-the-art in modeling, analysis and tools},
volume = {15-16},
booktitle = {Computer Science Review}
}

@misc{SOTERIAproject,
 author = {Siu, Kit Y. and  Herencia-Zapana, Heber and Manolios, Panagiotis and Noorman, Michael},
 title = {{Safe and Optimal Techniques Enabling Recovering, Integrity, and Assurance}},
 number = {NASA/CR-2014-000000}
}


@article{0f356f05e72f43018211b36f97c8854a,
title = "Fault tree analysis: A survey of the state-of-the-art in modeling, analysis and tools",
author = "Ruijters, {Enno Jozef Johannes} and Stoelinga, {Mari{\"e}lle Ida Antoinette}",
year = "2015",
month = "5",
day = "5",
volume = "15-16",
pages = "29--62",
journal = "Computer science review",
issn = "1574-0137",
publisher = "Elsevier Ireland Ltd"
}

@article{GhassabaniGW16,
  author    = {Elaheh Ghassabani and
               Andrew Gacek and
               Michael W. Whalen},
  title     = {Efficient Generation of Inductive Validity Cores for Safety Properties},
  journal   = {CoRR},
  volume    = {abs/1603.04276},
  year      = {2016},
  url       = {http://arxiv.org/abs/1603.04276},
  archivePrefix = {arXiv},
  eprint    = {1603.04276},
  timestamp = {Wed, 07 Jun 2017 14:42:56 +0200},
  biburl    = {https://dblp.org/rec/bib/journals/corr/GhassabaniGW16},
  bibsource = {dblp computer science bibliography, https://dblp.org}
}

@article{Ghassabani2017EfficientGO,
  title={Efficient generation of all minimal inductive validity cores},
  author={Elaheh Ghassabani and Michael W. Whalen and Andrew Gacek},
  journal={2017 Formal Methods in Computer Aided Design (FMCAD)},
  year={2017},
  pages={31-38}
}

@INPROCEEDINGS{historyFTA, 
author={Clifton Ericson}, 
booktitle={Proceedings of the 17th International Systems Safety Conference}, 
title={Fault Tree Analysis - A History}, 
year={1999}
}

@phdthesis{mattareiThesis,
  TITLE = {{Scalable safety and reliability analysis via symbolic model checking: theory and applications}},
  AUTHOR = {Mattarei},
  URL = {https://profiles.stanford.edu/cristian-mattarei},
  SCHOOL = {{Universita Degli Studi di Trento}},
  YEAR = {2016},
  MONTH = Feb,
  TYPE = {Theses},
  PDF = {http://www.mattarei.eu/cristian/documents/Cristian_Mattarei-PhD_Thesis-RED.pdf}
}

@INPROCEEDINGS{6693137,
author={A. Cimatti and M. Dorigatti and S. Tonetta},
booktitle={2013 28th IEEE/ACM International Conference on Automated Software Engineering (ASE)},
title={OCRA: A tool for checking the refinement of temporal contracts},
year={2013},
volume={},
number={},
pages={702-705},
month={Nov}
}

@article{liffiton2016fast,
  title={Fast, flexible MUS enumeration},
  author={Liffiton, Mark H and Previti, Alessandro and Malik, Ammar and Marques-Silva, Joao},
  journal={Constraints},
  volume={21},
  number={2},
  pages={223--250},
  year={2016},
  publisher={Springer}
}

@article{reiter1987theory,
  title={A theory of diagnosis from first principles},
  author={Reiter, Raymond},
  journal={Artificial intelligence},
  volume={32},
  number={1},
  pages={57--95},
  year={1987},
  publisher={Elsevier}
}

@article{de1987diagnosing,
  title={Diagnosing multiple faults},
  author={De Kleer, Johan and Williams, Brian C},
  journal={Artificial intelligence},
  volume={32},
  number={1},
  pages={97--130},
  year={1987},
  publisher={Citeseer}
}
